<?xml version="1.0" encoding="UTF-8" ?>
<collection xmlns:xsi="http://www.w3.org/2001/XMLSchema-instance"
    xsi:schemaLocation="http://www.loc.gov/MARC21/slim
        http://www.loc.gov/standards/marcxml/schema/MARC21slim.xsd"
    xmlns="http://www.loc.gov/MARC21/slim">
<record>
  <leader>00267cam a2200517 ia4500</leader>
  <controlfield tag="001">b12480150</controlfield>
  <controlfield tag="003">LeBAU</controlfield>
  <controlfield tag="005">20190801</controlfield>
  <controlfield tag="008">110524m19541959ua       b    000 0 ara d</controlfield>
  <datafield tag="035" ind1=" " ind2=" ">
    <subfield code="a">ocn784339209</subfield>
  </datafield>
  <datafield tag="040" ind1=" " ind2=" ">
    <subfield code="a">LEAUB</subfield>
    <subfield code="b">ara</subfield>
    <subfield code="e">rda</subfield>
    <subfield code="c">LEAUB</subfield>
    <subfield code="d">LEAUB</subfield>
  </datafield>
  <datafield tag="082" ind1="0" ind2="4">
    <subfield code="a">349.297</subfield>
    <subfield code="2">20</subfield>
  </datafield>
  <datafield tag="100" ind1="1" ind2=" ">
    <subfield code="6">880-01</subfield>
    <subfield code="a">Sanhūrī, ʻAbd al-Razzāq Aḥmad,</subfield>
    <subfield code="d">1895-1971.</subfield>
    <subfield code="e">author.</subfield>
    <subfield code="0">https://lccn.loc.gov/n80007820 ,</subfield>
  </datafield>
  <datafield tag="245" ind1="1" ind2="0">
    <subfield code="6">880-02</subfield>
    <subfield code="a">Maṣādir al-ḥaqq fī al-fiqh al-Islāmī :</subfield>
    <subfield code="b">dirāsah muqāranah fī al-fiqh al-gharbī al-ḥadīth /</subfield>
    <subfield code="c">alqāhā al-Duktūr ʻAbd al-Razzāq al-Sanhūrī ʻalá ṭalabat qism al-dirāsāt al-qānūnīyah.</subfield>
  </datafield>
  <datafield tag="264" ind1=" " ind2="1">
    <subfield code="6">880-03</subfield>
    <subfield code="a">[al-Qāhirah] :</subfield>
    <subfield code="b">Jāmiʻat al-Duwal al-ʻArabīyah, Maʻhad al-Dirāsāt al-ʻArabīyah al-ʻĀliyah,</subfield>
    <subfield code="c">1954-1959.</subfield>
  </datafield>
  <datafield tag="300" ind1=" " ind2=" ">
    <subfield code="6">880-04</subfield>
    <subfield code="a">6 volumes ;</subfield>
    <subfield code="c">24 cm</subfield>
  </datafield>
  <datafield tag="336" ind1=" " ind2=" ">
    <subfield code="a">text</subfield>
    <subfield code="b">txt</subfield>
    <subfield code="2">rdacontent</subfield>
  </datafield>
  <datafield tag="337" ind1=" " ind2=" ">
    <subfield code="a">unmediated</subfield>
    <subfield code="b">n</subfield>
    <subfield code="2">rdamedia</subfield>
  </datafield>
  <datafield tag="338" ind1=" " ind2=" ">
    <subfield code="a">volume</subfield>
    <subfield code="b">nc</subfield>
    <subfield code="2">rdacarrier</subfield>
  </datafield>
  <datafield tag="504" ind1=" " ind2=" ">
    <subfield code="a">يتضمن مراجع ببليوغرافية.</subfield>
  </datafield>
  <datafield tag="505" ind1="0" ind2="0">
    <subfield code="a">(1).</subfield>
    <subfield code="t">مقدمة - صيغة العقد --</subfield>
    <subfield code="g">(2).</subfield>
    <subfield code="t">توافق الإرادتين في مجلس العقد، صحة التراضي (الغلط - التدليس - الإكراه) --</subfield>
    <subfield code="g">(3).</subfield>
    <subfield code="t">محل العقد --</subfield>
    <subfield code="g">(4).</subfield>
    <subfield code="t">نظرية السبب ونظرية البطلان --</subfield>
    <subfield code="g">(5).</subfield>
    <subfield code="t">أثر العقد بالنسبة الى الأشخاص، الخلف العام والخلف الخاص - الدعوى البولصية والاعسار - التعهد عن الغير والإشتراطات لمصلحة الغير -- النيابة في التعاقد --</subfield>
    <subfield code="g">(6).</subfield>
    <subfield code="t">أثر العقد بالنسبة الى الموضوع - زوال العقد.</subfield>
  </datafield>
  <datafield tag="541" ind1=" " ind2=" ">
    <subfield code="c">هبة؛</subfield>
    <subfield code="a">حسين محمود مكي؛</subfield>
    <subfield code="d">2014؛</subfield>
    <subfield code="3">مكتبة يافث النسخة 1 الجزء 1.</subfield>
  </datafield>
  <datafield tag="541" ind1=" " ind2=" ">
    <subfield code="c">هبة؛</subfield>
    <subfield code="a">مكتبة المفتي الشيخ حسن خالد؛</subfield>
    <subfield code="d">2017؛</subfield>
    <subfield code="3">مكتبة يافث النسخة 2 الأجزاء 1، 3-6.</subfield>
  </datafield>
  <datafield tag="590" ind1=" " ind2=" ">
    <subfield code="a">في المكتبة: نسخة مكتبة يافث، ج. 1-6 ؛ نسخة مكتبة المفتي الشيخ حسن خالد، ج. 1، 3-6.</subfield>
  </datafield>
  <datafield tag="590" ind1=" " ind2=" ">
    <subfield code="a">نسخة مكتبة المفتي الشيخ حسن خالد الاجزاء 4-6 مجلدة في مجلد واحد.</subfield>
  </datafield>
  <datafield tag="650" ind1=" " ind2="4">
    <subfield code="a">العقود (الفقه الاسلامي)</subfield>
  </datafield>
  <datafield tag="650" ind1=" " ind2="4">
    <subfield code="a">القانون المقارن.</subfield>
  </datafield>
  <datafield tag="650" ind1=" " ind2="0">
    <subfield code="a">Contracts (Islamic law)</subfield>
  </datafield>
  <datafield tag="650" ind1=" " ind2="0">
    <subfield code="a">Comparative law.</subfield>
  </datafield>
  <datafield tag="852" ind1=" " ind2=" ">
    <subfield code="a">Jafet Library</subfield>
    <subfield code="e">American University of Beirut, Bliss Street , Beirut, Lebanon.</subfield>
  </datafield>
  <datafield tag="880" ind1="1" ind2=" ">
    <subfield code="6">100-01/(3/r</subfield>
    <subfield code="a">السنهوري، عبد الرزاق احمد،</subfield>
    <subfield code="d">1895-1971،</subfield>
    <subfield code="0">https://lccn.loc.gov/n80007820 ,</subfield>
    <subfield code="e">مؤلف. </subfield>
    <subfield code="4">aut.</subfield>
  </datafield>
  <datafield tag="880" ind1="1" ind2="0">
    <subfield code="6">245-02/(3/r</subfield>
    <subfield code="a">مصادر الحق في الفقه الإسلامي :</subfield>
    <subfield code="b">دراسة مقارنة في الفقه الغربي الحديث /</subfield>
    <subfield code="c">ألقاها الدكتور عبد الرزاق السنهوري على طلبة قسم الدراسات القانونية.</subfield>
  </datafield>
  <datafield tag="880" ind1=" " ind2="1">
    <subfield code="6">264-03/(3/r</subfield>
    <subfield code="a">[القاهرة] :</subfield>
    <subfield code="b">جامعة الدول العربية، معهد الدراسات العربية العالية،</subfield>
    <subfield code="c">1954-1959.</subfield>
  </datafield>
  <datafield tag="880" ind1=" " ind2=" ">
    <subfield code="6">300-04/(3/r</subfield>
    <subfield code="a">6 أجزاء ؛</subfield>
    <subfield code="c">24 سم</subfield>
  </datafield>
  <datafield tag="907" ind1=" " ind2=" ">
    <subfield code="a">.b12480150</subfield>
    <subfield code="b">19-08-16</subfield>
    <subfield code="c">11-05-24</subfield>
  </datafield>
  <datafield tag="907" ind1=" " ind2=" ">
    <subfield code="a">.b12480150</subfield>
    <subfield code="b">15-10-15</subfield>
    <subfield code="c">11-05-24</subfield>
  </datafield>
  <datafield tag="945" ind1=" " ind2=" ">
    <subfield code="f">J</subfield>
    <subfield code="a">349.297:Sa22mA:v.1:c.1</subfield>
    <subfield code="i">00501483</subfield>
    <subfield code="j">.i1296640x</subfield>
    <subfield code="l">u0503</subfield>
  </datafield>
  <datafield tag="945" ind1=" " ind2=" ">
    <subfield code="f">J</subfield>
    <subfield code="a">349.297:Sa22mA:v.2:c.1</subfield>
    <subfield code="i">01025340</subfield>
    <subfield code="j">.i12966411</subfield>
    <subfield code="l">u0503</subfield>
  </datafield>
  <datafield tag="945" ind1=" " ind2=" ">
    <subfield code="f">J</subfield>
    <subfield code="a">349.297:Sa22mA:v.3:c.1</subfield>
    <subfield code="i">01025341</subfield>
    <subfield code="j">.i12966423</subfield>
    <subfield code="l">u0503</subfield>
  </datafield>
  <datafield tag="945" ind1=" " ind2=" ">
    <subfield code="f">J</subfield>
    <subfield code="a">349.297:Sa22mA:v.4:c.1</subfield>
    <subfield code="i">01025342</subfield>
    <subfield code="j">.i12966435</subfield>
    <subfield code="l">u0503</subfield>
  </datafield>
  <datafield tag="945" ind1=" " ind2=" ">
    <subfield code="f">J</subfield>
    <subfield code="a">349.297:Sa22mA:v.5:c.1</subfield>
    <subfield code="i">01025343</subfield>
    <subfield code="j">.i12966447</subfield>
    <subfield code="l">u0503</subfield>
  </datafield>
  <datafield tag="945" ind1=" " ind2=" ">
    <subfield code="f">J</subfield>
    <subfield code="a">349.297:Sa22mA:v.6:c.1</subfield>
    <subfield code="i">01025344</subfield>
    <subfield code="j">.i12966459</subfield>
    <subfield code="l">u0503</subfield>
  </datafield>
  <datafield tag="945" ind1=" " ind2=" ">
    <subfield code="f">JK</subfield>
    <subfield code="a">349.297:Sa22mA:v.1:c.2</subfield>
    <subfield code="i">00538076</subfield>
    <subfield code="j">.i2041481x</subfield>
    <subfield code="l">u0527</subfield>
  </datafield>
  <datafield tag="945" ind1=" " ind2=" ">
    <subfield code="f">JK</subfield>
    <subfield code="a">349.297:Sa22mA:v.3:c.2</subfield>
    <subfield code="i">00538077</subfield>
    <subfield code="j">.i20414821</subfield>
    <subfield code="l">u0527</subfield>
  </datafield>
  <datafield tag="945" ind1=" " ind2=" ">
    <subfield code="f">JK</subfield>
    <subfield code="a">349.297:Sa22mA:v.4-6:c.2</subfield>
    <subfield code="i">00538078</subfield>
    <subfield code="j">.i20414833</subfield>
    <subfield code="l">u0527</subfield>
  </datafield>
  <datafield tag="998" ind1=" " ind2=" ">
    <subfield code="a">u05</subfield>
    <subfield code="b">97-06-07</subfield>
    <subfield code="c">m</subfield>
    <subfield code="d">a  </subfield>
    <subfield code="e">-</subfield>
    <subfield code="f">ara</subfield>
    <subfield code="g">ua </subfield>
    <subfield code="h">0</subfield>
    <subfield code="i">6</subfield>
  </datafield>
</record>
</collection>
